%---------------------------------- % References in alphabetical order
%----------------------------------
@misc{Beaulieu2013_Speck,
  title = {{The SIMON and SPECK Families of Lightweight Block Ciphers}},
  author = {Ray Beaulieu and Douglas Shors and Jason Smith and Stefan Treatman-Clark and Bryan Weeks and Louis Wingers},
  howpublished = {{Cryptology ePrint Archive, Report 2013/404}},
  year = {2013},
  note = {\url{http://eprint.iacr.org/}},
}

@inproceedings{Bellare2004_EAX,
  title        = {{The EAX Mode of Operation}},
  author       = {Bellare, Mihir and Rogaway, Phillip and Wagner, David},
  booktitle    = {Fast Software Encryption},
  pages        = {389--407},
  year         = {2004},
  organization = {Springer}
}

@misc{Bernstein2014_CAESAR_Submissions,
  title         = {{CAESAR Submissions}},
  author        = {Bernstein, Daniel},
  howpublished  = {\url{http://competitions.cr.yp.to/caesar-submissions.html}},
  year          = {2014},
  note          = {Accessed: 2014-06-10}
}

@article{Bertoni2011_KeccakReference,
  title   = {{The \textsc{Keccak} reference}},
  author  = {Bertoni, Guido and Daemen, Joan and Peeters, Micha\"{e}l and Van Assche, Gilles},
  journal = {NIST SHA-3 Submission Document},
  month   = {January},
  year    = {2011},
  note    = {\url{http://keccak.noekeon.org/Keccak-reference-3.0.pdf}}
}

@misc{Bertoni2011_SpongeFunctions,
  title  = {{Cryptographic Sponge Functions}},
  author = {Bertoni, Guido and Daemen, Joan and Peeters, Micha\"{e}l and Van Assche, Gilles},
  year   = {2011},
  note   = {\url{http://http://sponge.noekeon.org/CSF-0.1.pdf}}
}

@misc{Bertoni2011_SpongeKeyed,
  title  = {{On the Security of the Keyed Sponge Construction}},
  author = {Bertoni, Guido and Daemen, Joan and Peeters, Micha{\"e}l and Van Assche, Gilles},
  year   = {2011},
  note   = {\url{http://csrc.nist.gov/groups/ST/hash/sha-3/Round2/Aug2010/documents/papers/VANASSCHE_SpongeKeyed.pdf}}
}

@misc{Bertoni2010_DuplexingSlides,
  title     = {{Duplexing the sponge: single-pass authenticated encryption and other applications}},
  author    = {Bertoni, Guido and Daemen, Joan and Peeters, Micha{\"e}l and Van Assche, Gilles},
  publisher = {Presented at Second SHA-3 candidate conferencee, Santa Barbara, CA},
  month     = {August}, 
  year      = {2010},
  note      = {\url{http://csrc.nist.gov/groups/ST/hash/sha-3/Round2/Aug2010/documents/presentations/DAEMEN_SpongeDuplexSantaBarbaraSlides.pdf}}
}

@misc{Bertoni2011_Alignment,
  title  = {{On alignment in \textsc{Keccak}}},
  author = {Bertoni, Guido and Daemen, Joan and Peeters, Micha{\"e}l and Van Assche, Gilles},
  month  = {May},
  year   = {2011},
  note   = {\url{http://keccak.noekeon.org/KeccakAlignment.pdf}}
}

@inproceedings{Bertoni2012_Duplexing,
  title        = {{Duplexing the sponge: single-pass authenticated encryption and other applications}},
  author       = {Bertoni, Guido and Daemen, Joan and Peeters, Micha{\"e}l and Van Assche, Gilles},
  booktitle    = {{Selected Areas in Cryptography}},
  pages        = {320--337},
  year         = {2012},
  organization = {Springer}
}

@article{Biham1991_Differential,
  title     = {{Differential Cryptanalysis of DES-like Cryptosystems}},
  author    = {Biham, Eli and Shamir, Adi},
  journal   = {{Journal of CRYPTOLOGY}},
  volume    = {4},
  number    = {1},
  pages     = {3--72},
  year      = {1991},
  publisher = {Springer}
}

@incollection{Biham2002_Enhancing,
  title     = {{Enhancing Differential-Linear Cryptanalysis}},
  author    = {Biham, Eli and Dunkelman, Orr and Keller, Nathan},
  booktitle = {{Advances in Cryptology—ASIACRYPT 2002}},
  pages     = {254--266},
  year      = {2002},
  publisher = {Springer}
}

@inproceedings{Biryukov1999_SlideAttacks,
  title        = {{Slide Attacks}},
  author       = {Biryukov, Alex and Wagner, David},
  booktitle    = {{Fast Software Encryption}},
  pages        = {245--259},
  year         = {1999},
  organization = {Springer}
}

@incollection{Bogdanov2007_PRESENT,
  title     = {{PRESENT: An Ultra-Lightweight Block Cipher}},
  author    = {Bogdanov, Andrey and Knudsen, Lars R. and Leander, Gregor and Paar, Christof and Poschmann, Axel and Robshaw, Matthew JB and Seurin, Yannick and Vikkelsoe, Charlotte},
  booktitle = {{Cryptographic Hardware and Embedded Systems-CHES 2007}},
  pages     = {450--466},
  year      = {2007},
  publisher = {Springer}
}

@inproceedings{Borisov2001_WEP,
  title        = {{Intercepting Mobile Communications: The Insecurity of 802.11}},
  author       = {Borisov, Nikita and Goldberg, Ian and Wagner, David},
  booktitle    = {{Proceedings of the 7th Annual International Conference on Mobile Computing and Networking}},
  pages        = {180--189},
  year         = {2001},
  organization = {ACM}
}

@inproceedings{Courtois2000_XL,
  title        = {{Efficient Algorithms for Solving Overdefined Systems of Multivariate Polynomial Equations}},
  author       = {Courtois, Nicolas and Klimov, Alexander and Patarin, Jacques and Shamir, Adi},
  booktitle    = {{Advances in Cryptology—EUROCRYPT 2000}},
  pages        = {392--407},
  year         = {2000},
  organization = {Springer}
}

@incollection{Courtois2002_XSL,
  title     = {{Cryptanalysis of Block Ciphers with Overdefined Systems of Equations}},
  author    = {Courtois, Nicolas T and Pieprzyk, Josef},
  booktitle = {{Advances in Cryptology—ASIACRYPT 2002}},
  pages     = {267--287},
  year      = {2002},
  publisher = {Springer}
}

@inproceedings{Daemen1997_Square,
  title        = {{The Block Cipher Square}},
  author       = {Daemen, Joan and Knudsen, Lars R. and Rijmen, Vincent},
  booktitle    = {{Fast Software Encryption}},
  pages        = {149--165},
  year         = {1997},
  organization = {Springer}
}

@incollection{Daemen2001_WideTrail,
  title     = {{The Wide Trail Design Strategy}},
  author    = {Daemen, Joan and Rijmen, Vincent},
  booktitle = {{Cryptography and Coding}},
  pages     = {222--238},
  year      = {2001},
  publisher = {Springer}
}

@book{Daemen2002_DesignOfRijndael,
  title     = {{The Design of Rijndael: AES-The Advanced Encryption Standard}},
  author    = {Daemen, Joan and Rijmen, Vincent},
  year      = {2002},
  publisher = {Springer}
}

@incollection{DHalluin1999_HPC_EquivalentKeys,
  title     = {{Equivalent Keys of HPC}},
  author    = {D’Halluin, Carl and Bijnens, Gert and Preneel, Bart and Rijmen, Vincent},
  booktitle = {{Advances in Cryptology-ASIACRYPT’99}},
  pages     = {29--42},
  year      = {1999},
  publisher = {Springer}
}

@incollection{Dinur2009_Cube,
  title     = {{Cube Attacks on Tweakable Black Box Polynomials}},
  author    = {Dinur, Itai and Shamir, Adi},
  booktitle = {{Advances in Cryptology-EUROCRYPT 2009}},
  pages     = {278--299},
  year      = {2009},
  publisher = {Springer}
}

@inproceedings{Ferguson2001_AlgebraicRijndael,
  title        = {{A Simple Algebraic Representation of Rijndael}},
  author       = {Ferguson, Niels and Schroeppel, Richard and Whiting, Doug},
  booktitle    = {{Selected Areas in Cryptography}},
  pages        = {103--111},
  year         = {2001},
  organization = {Springer}
}

@inproceedings{Ferguson2001_Improved,
  title        = {{Improved Cryptanalysis of Rijndael}},
  author       = {Ferguson, Niels and Kelsey, John and Lucks, Stefan and Schneier, Bruce and Stay, Mike and Wagner, David and Whiting, Doug},
  booktitle    = {{Fast Software Encryption}},
  pages        = {213--230},
  year         = {2001},
  organization = {Springer}
}

@book{Ferguson2010_CryptographyEngineering,
  title     = {{Cryptography Engineering}},
  author    = {Ferguson, Niels and Schneier, Bruce and Kohno, Tadayoshi},
  publisher = {Wiley Publishing},
  year      = {2010},
  address	= {Indianapolis, IN}
}
 
@article{Ferguson2010_SkeinReference,
  title   = {{The Skein Hash Function Family}},
  author  = {Ferguson, Niels and Lucks, Stefan and Schneier, Bruce and Whiting, Doug and Bellare, Mihir and Kohno, Tadayoshi and Callas, Jon and Walker, Jesse},
  journal = {{NIST SHA-3 Submission Document}},
  month   = {October},
  year    = {2010},
  note    = {\url{http://schneier.com/skein1.3.pdf}}
}

@book{Gallian2012_AbstractAlgebra,
  title     = {{Contemporary Abstract Algebra}},
  author    = {Gallian, Joseph A.},
  year      = {2012},
  edition   = {2nd},
  publisher = {Cengage Learning}
}

@manual{Gueron2010_IntelGCM,
  title  = {{Intel Carry-Less Multiplication Instruction and its Usage for Computing the GCM Mode}},
  author = {Gueron, Shay and Kounavis, Michael E.},
  year   = {2010},
  note   = {\url{http://intel.com/content/www/us/en/processors/carry-less-multiplication-instruction-in-gcm-mode-paper.html}}
}

@article{Heys1995_Avalanche,
  title     = {{Avalanche Characteristics of Substitution-Permutation Encryption Networks}},
  author    = {Heys, Howard M. and Tavares, Stafford E.},
  journal   = {{IEEE Transactions on Computers}},
  volume    = {44},
  number    = {9},
  pages     = {1131--1139},
  year      = {1995},
  publisher = {IEEE}
}

@article{Heys2002_Tutorial,
  title     = {{A Tutorial on Linear and Differential Cryptanalysis}},
  author    = {Heys, Howard M.},
  journal   = {{Cryptologia}},
  volume    = {26},
  number    = {3},
  pages     = {189--221},
  year      = {2002},
  publisher = {Taylor \& Francis}
}

@misc{Jovanovic2014_Beyond,
  title        = {{Beyond $2^{c/2}$ Security in Sponge-Based Authenticated Encryption Modes}},
  author       = {Philipp Jovanovic and Atul Luykx and Bart Mennink},
  howpublished = {{Cryptology ePrint Archive, Report 2014/373}},
  year         = {2014},
  note         = {\url{http://eprint.iacr.org/}}
}

@incollection{Jutla2001_AE,
  title     = {{Encryption Modes with Almost Free Message Integrity}},
  author    = {Jutla, Charanjit S.},
  booktitle = {{Advances in Cryptology —- EUROCRYPT 2001}},
  pages     = {529--544},
  year      = {2001},
  publisher = {Springer}
}

@misc{Kaminsky2013_CoincidenceTest,
  title        = {{The Coincidence Test: a Bayesian Statistical Test for Block Ciphers and MACs}},
  author       = {Kaminsky, Alan},
  howpublished = {\url{http://www.cs.rit.edu/~ark/parallelcrypto/cryptostat/coincidence.pdf}},
  month        = {September},
  year         = {2013}
}

@misc{Kaminsky2014_BlockCipherAnalysis,
  title        = {{Block Cipher Analysis}},
  author       = {Kaminsky, Alan},
  howpublished = {\url{http://cs.rit.edu/~ark/parallelcrypto/blockcipheranalysis/}},
  year         = {2014}
}

@misc{Kaminsky2014_PJ2,
  title         = {{Parallel Java 2 Library}},
  author        = {Kaminsky, Alan},
  howpublished  = {\url{http://cs.rit.edu/~ark/pj2.shtml}},
  year          = {2014}
}

@mastersthesis{Kelly2014_Thesis,
  title  = {{Design and Cryptanalysis of a Customizable Authenticated Encryption Algorithm}},
  author = {Kelly, Matthew},
  school = {{Rochester Institute of Technology}},
  year   = {2014},
  note   = {\url{http://scholarworks.rit.edu/theses/8325/}}
}

@inproceedings{Knudsen1995_Truncated,
  title        = {{Truncated and Higher Order Differentials}},
  author       = {Knudsen, Lars R},
  booktitle    = {{Fast Software Encryption}},
  pages        = {196--211},
  year         = {1995},
  organization = {Springer}
}

@inproceedings{Kohno2004_CWC,
  title        = {{CWC: A high-performance conventional authenticated encryption mode}},
  author       = {Kohno, Tadayoshi and Viega, John and Whiting, Doug},
  booktitle    = {Fast Software Encryption},
  pages        = {408--426},
  year         = {2004},
  organization = {Springer}
}

@inproceedings{Kurdziel2002_BaselineRequirements,
  title        = {{Baseline Requirements for Government and Military Encryption Algorithms}},
  author       = {Kurdziel, Michael T. and Fitton, JJ},
  booktitle    = {{MILCOM 2002. Proceedings}},
  volume       = {2},
  pages        = {1491--1497},
  year         = {2002},
  organization = {IEEE}
}

@inproceedings{Langford1994_DifferentialLinear,
  title        = {{Differential-Linear Cryptanalysis}},
  author       = {Langford, Susan K. and Hellman, Martin E.},
  booktitle    = {{Advances in Cryptology—CRYPTO’94}},
  pages        = {17--25},
  year         = {1994},
  organization = {Springer}
}

@mastersthesis{Lathrop2009_CubeAttacks,
  title  = {{Cube Attacks on Cryptographic Hash Functions}},
  author = {Lathrop, Joel},
  school = {{Rochester Institute of Technology}},
  year   = {2009}
}

@inproceedings{Matsui1993_Linear,
  title        = {{Linear Cryptanalysis Method for DES Cipher}},
  author       = {Matsui, Mitsuru},
  booktitle    = {{Advances in Cryptology—EUROCRYPT’93}},
  pages        = {386--397},
  year         = {1994},
  organization = {Springer}
}

@misc{McGrew2004_GCM,
  title  = {{The Galois/Counter Mode of Operation (GCM)}},
  author = {McGrew, David and Viega, John},
  note   = {\url{http://csrc.nist.gov/groups/ST/toolkit/BCM/documents/proposedmodes/gcm/gcm-spec.pdf}},
  year   = {2004}
}

@incollection{Nakahara2009_PRESENT_Cryptanalysis,
  title     = {{Linear (Hull) and Algebraic Cryptanalysis of the Block Cipher PRESENT}},
  author    = {Nakahara Jr, Jorge and Sepehrdad, Pouyan and Zhang, Bingsheng and Wang, Meiqin},
  booktitle = {{Cryptology and Network Security}},
  pages     = {58--75},
  year      = {2009},
  publisher = {Springer}
}

@misc{NIST1999_AES_STS_Testing,
  title        = {{Randomness Testing of the Advanced Encryption Standard Candidate Algorithms}},
  author       = {Juan Soto Jr.},
  howpublished = {{NIST Internal Report 6390}},
  month        = {September},
  year         = {1999}
}

@misc{NIST2001_FIPS-197, 
  title        = {{Specification for the Advanced Encryption Standard (AES)}},
  author       = {{NIST}},
  howpublished = {{Federal Information Processing Standards Publication 197}},
  month        = {November},
  year         = {2001}, 
  note         = {\url{http://csrc.nist.gov/publications/fips/fips197/fips-197.pdf}}
}

@misc{NIST2010_STS,
  title        = {{A Statistical Test Suite for Random and Pseudorandom Number Generators for Cryptographic Applications}},
  author       = {Rukhin, Andrew and Soto, Juan and Nechvatal, James and Barker, Elaine and Leigh, Stefan and Levenson, Mark and Banks, David and Heckert, Alan and Dray, James and Vo, San and others},
  howpublished = {{NIST Special Publication 800-22, Revision 1a}},
  month        = {April},
  year         = {2010}
}

@misc{NIST2011_KeySizes,
  title        = {{Transitions: Recommendation for Transitioning the Use of Cryptographic Algorithms and Key Lengths}},
  author       = {Barker, Elaine and Roginsky, Allen},
  howpublished = {{NIST Special Publication 800-131A}},
  month        = {January},
  year         = {2011},
  note         = {\url{http://csrc.nist.gov/publications/nistpubs/800-131A/sp800-131A.pdf}}
}

@misc{NIST2012_SHA3_Winner,
  title        = {{Third-Round Report of the SHA-3 Cryptographic Hash Algorithm Competition}},
  author       = {Chang, Shujen and Perlner, Ray and Burr, William E. and Turan, Meltem S\"{o}nmez and Kelsey, John M. and Paul, Souradyuti and Bassham, Lawrance E.},
  howpublished = {{NIST Internal Report 7896}},
  month        = {November},
  year         = {2012},
  note         = {\url{http://nvlpubs.nist.gov/nistpubs/ir/2012/NIST.IR.7896.pdf}}
}

@misc{Rogaway2003_CritiqueOfCCM,
  title  = {{A Critique of CCM}},
  author = {Rogaway, Phillip and Wagner, David},
  year   = {2003},
  note   = {\url{http://cs.ucdavis.edu/~rogaway/papers/ccm.pdf}}
}

@article{Rogaway2003_OCB,
  title     = {{OCB: A Block-Cipher Mode of Operation for Efficient Authenticated Encryption}},
  author    = {Rogaway, Phillip and Bellare, Mihir and Black, John and Krovetz, Ted},
  journal   = {{ACM Transactions on Information and System Security (TISSEC)}},
  volume    = {6},
  number    = {3},
  pages     = {365--403},
  year      = {2003},
  publisher = {ACM}

}

@book{Schneier1996_Applied,
  title     = {{Applied Cryptography: Protocols, Algorithms, and Source Code in C}},
  author    = {Schneier, Bruce},
  year      = {1996},
  publisher = {Wiley}
}

@misc{Schneier2008_CubeAttacks,
  title        = {{Adi Shamir's Cube Attacks}},
  author       = {Schneier, Bruce},
  month        = {August},
  year         = {2008},
  howpublished = {\url{http://schneier.com/blog/archives/2008/08/adi_shamirs_cub.html}}
}

@misc{SciPy2014_Library,
  title        = {{SciPy Library}},
  author       = {{SciPy Developers}},
  howpublished = {\url{http://scipy.org/scipylib}},
  year         = {2014}
}

@article{Shannon1948_AMTOC,
  title   = {{A Mathematical Theory of Communication}},
  author  = {Shannon, Claude E.},
  journal = {{Bell System Technical Journal}},
  pages   = {379--423, 623--656},
  volume  = {27},
  year    = {1948}
}

@article{Shannon1949_CTOSS,
  title     = {{Communication Theory of Secrecy Systems}},
  author    = {Shannon, Claude E.},
  journal   = {{Bell System Technical Journal}},
  volume    = {28},
  number    = {4},
  pages     = {656--715},
  year      = {1949},
  publisher = {Wiley Online Library}
}

@book{Sipser2012_TheoryOfComputation,
  title     = {{Introduction to the Theory of Computation}},
  author    = {Sipser, Michael},
  year      = {2012},
  edition   = {3rd},
  publisher = {Cengage Learning}
}

@misc{Soos2014_CryptoMiniSat,
  title         = {{CryptoMiniSat}},
  author        = {Soos, Mate},
  howpublished  = {\url{http://msoos.org/cryptominisat2/}},
  year          = {2014}
}

@book{Stinson2006_CTAP,
  title     = {{Cryptography: Theory and Practice, Second Edition}},
  author    = {Stinson, Douglas},
  year      = {2006},
  edition   = {3rd},
  publisher = {CRC/C\&H},
}

@incollection{Tews2007_BreakingWEP,
  title     = {{Breaking 104 Bit WEP in Less Than 60 Seconds}},
  author    = {Tews, Erik and Weinmann, Ralf-Philipp and Pyshkin, Andrei},
  booktitle = {Information Security Applications},
  pages     = {188--202},
  year      = {2007},
  publisher = {Springer}
}

@inproceedings{Vaudenay2002_CBC_Flaws,
  title        = {{Security Flaws Induced by CBC Padding—Applications to SSL, IPSEC, WTLS...}},
  author       = {Vaudenay, Serge},
  booktitle    = {{Advances in Cryptology—EUROCRYPT 2002}},
  pages        = {534--545},
  year         = {2002},
  organization = {Springer}
}

@misc{Whiting2003_CCM,
  title        = {{Counter with CBC-MAC (CCM)}},
  author       = {Whiting, Doug and Housley, Russ and Ferguson, Niels},
  howpublished = {{IETF Request for Comments: 3610}},
  year         = {2003},
  address      = {United States},
} 

@article{Whiting2005_Helix,
  title   = {{Helix: Fast Encryption and Authentication in a Single Cryptographic Primitive}},
  author  = {Whiting, Doug and Schneier, Bruce and Lucks, Stefan and Muller, Fr{\'e}d{\'e}ric},
  journal = {ECRYPT Stream Cipher Project Report},
  volume  = {27},
  number  = {200},
  pages   = {5},
  year    = {2005}
}

@misc{Whiting2005_Phelix,
  title   = {{Phelix: Fast Encryption and Authentication in a Single Cryptographic Primitive}},
  author  = {Whiting, Doug and Schneier, Bruce and Lucks, Stefan and Muller, Fr{\'e}d{\'e}ric},
  year    = {2005},
  note    = {\url{http://schneier.com/paper-phelix.pdf}}
}

@mastersthesis{Wood2013_SboxThesis,
  title  = {{Large Substitution Boxes with Efficient Combinational Implementations}},
  author = {Wood, Christopher A.},
  school = {{Rochester Institute of Technology}},
  year   = {2013},
  note   = {\url{http://scholarworks.rit.edu/theses/5527/}}
}

@inproceedings{Wu2007_PhelixAttack,
  title        = {{Differential-Linear Attacks Against the Stream Cipher Phelix}},
  author       = {Wu, Hongjun and Preneel, Bart},
  booktitle    = {Fast Software Encryption},
  pages        = {87--100},
  year         = {2007},
  organization = {Springer}
}

@inproceedings{ZAba2008_BitPatternIntegralAttacks,
  title        = {{Bit-Pattern Based Integral Attack}},
  author       = {Z’aba, Muhammad Reza and Raddum, H{\aa}vard and Henricksen, Matt and Dawson, Ed},
  booktitle    = {{Fast Software Encryption}},
  pages        = {363--381},
  year         = {2008},
  organization = {Springer}
}

